<record><leader>00000cas a22000007a 4500</leader><controlfield tag="001">11513972</controlfield><controlfield tag="008">841220d18291837ncuwr ne      0    0eng  </controlfield><datafield ind1=" " ind2=" " tag="010"><subfield code="a">sn 84020765 </subfield></datafield><datafield ind1=" " ind2=" " tag="040"><subfield code="a">DLC</subfield><subfield code="b">eng</subfield><subfield code="c">DLC</subfield><subfield code="d">NPX</subfield><subfield code="d">NVJ</subfield><subfield code="d">CNK</subfield><subfield code="d">FUG</subfield><subfield code="d">NVK</subfield><subfield code="d">DLC</subfield><subfield code="d">OCL</subfield><subfield code="d">OCLCQ</subfield><subfield code="d">DLC</subfield><subfield code="d">OCLCQ</subfield><subfield code="d">IUL</subfield><subfield code="d">OCLCQ</subfield><subfield code="d">OCLCF</subfield></datafield><datafield ind1="1" ind2=" " tag="029"><subfield code="a">AU@</subfield><subfield code="b">000026222734</subfield></datafield><datafield ind1=" " ind2=" " tag="042"><subfield code="a">msc</subfield></datafield><datafield ind1=" " ind2=" " tag="043"><subfield code="a">n-us-nc</subfield></datafield><datafield ind1="0" ind2="0" tag="050"><subfield code="a">Newspaper</subfield></datafield><datafield ind1="0" ind2=" " tag="130"><subfield code="a">Greensborough patriot (Greensboro, N.C. : 1829)</subfield></datafield><datafield ind1="1" ind2="0" tag="245"><subfield code="a">Greensborough patriot.</subfield></datafield><datafield ind1=" " ind2=" " tag="260"><subfield code="a">Greensborough [i.e. Greensboro], N.C. :</subfield><subfield code="b">William Swaim,</subfield><subfield code="c">1829-</subfield></datafield><datafield ind1=" " ind2=" " tag="300"><subfield code="a">v. ;</subfield><subfield code="c">54 cm.</subfield></datafield><datafield ind1=" " ind2=" " tag="310"><subfield code="a">Weekly</subfield></datafield><datafield ind1="1" ind2=" " tag="362"><subfield code="a">Began with vol. 1, no. 1 (May 23, 1829); ceased with Dec. 12, 1837 issue.</subfield><subfield code="z">Cf. NIM.</subfield></datafield><datafield ind1=" " ind2=" " tag="515"><subfield code="a">Issues for June 30, 1830-Mar. 2, 1836 also have whole numbering as: Whole no. 5-whole no. 344.</subfield></datafield><datafield ind1=" " ind2=" " tag="515"><subfield code="a">Issues for Apr. 5, 1836- begin numbering with vol. 1, no. 1-</subfield></datafield><datafield ind1=" " ind2=" " tag="530"><subfield code="a">Available on microfilm from North Carolina Dept. of Archives and History.</subfield></datafield><datafield ind1=" " ind2=" " tag="580"><subfield code="a">Merged with: Southern telescope, to form: Carolina patriot.</subfield></datafield><datafield ind1=" " ind2=" " tag="588"><subfield code="a">Description based on: May 23, 1829.</subfield></datafield><datafield ind1=" " ind2=" " tag="588"><subfield code="a">Latest issue consulted: Dec. 14, 1836.</subfield></datafield><datafield ind1=" " ind2="0" tag="651"><subfield code="a">Greensboro (N.C.)</subfield><subfield code="v">Newspapers.</subfield></datafield><datafield ind1=" " ind2="0" tag="651"><subfield code="a">Guilford County (N.C.)</subfield><subfield code="v">Newspapers.</subfield></datafield><datafield ind1=" " ind2="7" tag="655"><subfield code="a">Newspapers.</subfield><subfield code="2">fast</subfield><subfield code="0">(OCoLC)fst01423814</subfield></datafield><datafield ind1=" " ind2="7" tag="651"><subfield code="a">North Carolina</subfield><subfield code="z">Greensboro.</subfield><subfield code="2">fast</subfield><subfield code="0">(OCoLC)fst01205296</subfield></datafield><datafield ind1=" " ind2="7" tag="651"><subfield code="a">North Carolina</subfield><subfield code="z">Guilford County.</subfield><subfield code="2">fast</subfield><subfield code="0">(OCoLC)fst01205338</subfield></datafield><datafield ind1=" " ind2=" " tag="752"><subfield code="a">United States</subfield><subfield code="b">North Carolina</subfield><subfield code="c">Guilford</subfield><subfield code="d">Greensboro.</subfield></datafield><datafield ind1="0" ind2="0" tag="780"><subfield code="t">Patriot, and Greensborough palladium</subfield><subfield code="w">(DLC)sn 84020764</subfield><subfield code="w">(OCoLC)11513886</subfield></datafield><datafield ind1="1" ind2="7" tag="785"><subfield code="t">Southern telescope</subfield><subfield code="w">(DLC)sn 91068356</subfield><subfield code="w">(OCoLC)24472345</subfield></datafield><datafield ind1="1" ind2="7" tag="785"><subfield code="t">Carolina patriot (Greensboro, N.C.)</subfield><subfield code="w">(DLC)sn 91068357</subfield><subfield code="w">(OCoLC)24472393</subfield></datafield></record>